<?xml version="1.0" encoding="UTF-8"?><collection xmlns="http://www.loc.gov/MARC21/slim"><record><leader>00532nam--2200181-i-4500</leader><controlfield tag="001">000016097</controlfield><controlfield tag="002">20161230</controlfield><controlfield tag="005">20161230201031</controlfield><controlfield tag="008">060222s1000------------r-----000-0-eng-d</controlfield><datafield ind1=" " ind2=" " tag="040"><subfield code="a">IFIN-HH</subfield></datafield><datafield ind1=" " ind2=" " tag="080"><subfield code="a">539.183.3</subfield></datafield><datafield ind1="1" ind2=" " tag="100"><subfield code="a">Ebina, Yoshio</subfield></datafield><datafield ind1="1" ind2="0" tag="245"><subfield code="a">The reports of the research institute of electrical communication tohoku university</subfield><subfield code="c">Yoshio ebina, noboru tsuya</subfield></datafield><datafield ind1=" " ind2=" " tag="260"><subfield code="a">Tohoku, Japan</subfield><subfield code="b">University</subfield><subfield code="c">1963</subfield></datafield><datafield ind1=" " ind2=" " tag="300"><subfield code="a">85P. + ANEXE</subfield></datafield><datafield ind1="1" ind2=" " tag="700"><subfield code="a">Tsuya, Noboru</subfield></datafield><datafield ind1=" " ind2=" " tag="852"><subfield code="a">21943</subfield><subfield code="c">539.18</subfield></datafield><datafield ind1=" " ind2=" " tag="CAT"><subfield code="a">Sys</subfield><subfield code="c">20120702</subfield><subfield code="h">104500</subfield></datafield></record></collection>